<record><leader>00000cas a22000007a 4500</leader><controlfield tag="001">10967328</controlfield><controlfield tag="008">840719d185u1890iauwr ne      0    0eng d</controlfield><datafield ind1=" " ind2=" " tag="010"><subfield code="a">sn 84027253 </subfield></datafield><datafield ind1=" " ind2=" " tag="040"><subfield code="a">NPU</subfield><subfield code="b">eng</subfield><subfield code="c">NPU</subfield><subfield code="d">NPX</subfield><subfield code="d">INP</subfield><subfield code="d">OCLCQ</subfield></datafield><datafield ind1=" " ind2=" " tag="042"><subfield code="a">msc</subfield></datafield><datafield ind1="0" ind2="0" tag="245"><subfield code="a">Muscatine weekly journal.</subfield></datafield><datafield ind1="1" ind2="3" tag="246"><subfield code="a">Weekly journal</subfield></datafield><datafield ind1=" " ind2=" " tag="260"><subfield code="a">Muscatine, Iowa :</subfield><subfield code="b">John Mahin,</subfield><subfield code="c">-1890.</subfield></datafield><datafield ind1=" " ind2=" " tag="300"><subfield code="a">v. ;</subfield><subfield code="c">70 cm.</subfield></datafield><datafield ind1=" " ind2=" " tag="310"><subfield code="a">Weekly</subfield></datafield><datafield ind1="0" ind2=" " tag="362"><subfield code="a">-May 23, 1890.</subfield></datafield><datafield ind1=" " ind2=" " tag="500"><subfield code="a">Editors: Mahin Brothers, &lt;1876&gt;.</subfield></datafield><datafield ind1=" " ind2=" " tag="588"><subfield code="a">Description based on: Vol. 9, no. 1 (Aug. 1, 1857).</subfield></datafield><datafield ind1=" " ind2=" " tag="752"><subfield code="a">United States</subfield><subfield code="b">Iowa</subfield><subfield code="c">Muscatine</subfield><subfield code="d">Muscatine.</subfield></datafield><datafield ind1="0" ind2=" " tag="775"><subfield code="t">Muscatine daily journal (Muscatine, Iowa : 1855)</subfield><subfield code="w">(DLC)sn 87058203</subfield><subfield code="g">&lt;Aug. 1857-Jan. 25, 1869&gt;</subfield></datafield><datafield ind1="0" ind2=" " tag="775"><subfield code="t">Muscatine evening journal</subfield><subfield code="w">(DLC)sn 84027254</subfield><subfield code="g">&lt;Nov. 25, 1870-May 1, 1873&gt;</subfield></datafield><datafield ind1="0" ind2=" " tag="775"><subfield code="t">Muscatine daily journal (Muscatine, Iowa : 1875)</subfield><subfield code="w">(DLC)sn 84024499</subfield><subfield code="g">&lt;Feb. 5, 1875-June 24, 1884&gt;</subfield></datafield><datafield ind1="0" ind2=" " tag="775"><subfield code="t">Muscatine tri-weekly journal</subfield><subfield code="w">(DLC)sn 84027258</subfield><subfield code="g">&lt;May 1873-1881&gt;</subfield></datafield><datafield ind1="0" ind2="0" tag="780"><subfield code="t">Muscatine journal (Muscatine, Iowa : 1849)</subfield><subfield code="w">(DLC)sn 88059754</subfield></datafield><datafield ind1="0" ind2="0" tag="785"><subfield code="t">Weekly journal (Muscatine, Iowa)</subfield><subfield code="w">(DLC)sn 87058200</subfield></datafield></record>